@misc{fred_pcepi,
    author = {U.S. Bureau of Economic Analysis},
    year = {2017},
    title = {Personal Consumption Expenditures: Chain-type Price Index [PCEPI], retrieved from FRED, Federal Reserve Bank of St. Louis},
    howpublished = {\url{https://fred.stlouisfed.org/series/PCEPI}},
    note = {Accessed: 28 March 2017}
}

@article{Heckman79,
    title = {Sample Selection Bias as a Specification Error},
    author = {Heckman, James},
    year = {1979},
    journal = {Econometrica},
    volume = {47},
    number = {1},
    pages = {153-61}
}


